@book{ricoeur:ki,
  ids       = {ricoeur_ki},
  author    = {Рикёр, Поль},
  title     = {Конфликт интерпретаций},
  year      = 1995,
  language  = {russian},
  publisher = {Моск. филос. фонд},
  location  = {М.},
  pagetotal = 411,
  langid    = {russian}
}

@article{duportail:alu,
  ids          = {duportail_alu},
  author       = {Guy Félix Duportail},
  title        = {Sur le lien ultime de la psychanalyse à la philosophie},
  journaltitle = {Revue de métaphysique et de morale},
  year         = {2005/1},
  pages        = {23-39},
  language     = {french},
  langid       = {french},
  doi          = {10.3917/rmm.051.0023},
  number       = 45
}

@thesis{domanovdi,
  author       = {Доманов, Дмитрий Иванович},
  title        = {Вероятностный анализ риска возникновения катастрофического состояния применяемых в мостостроении косо опертых плитно-балочных систем из железобетона при воздействии подвижной нагрузки},
  type         = {phdthesis},
  science      = {технических наук},
  _institution = {Воронеж. гос. архитектур.-строит. ун-т},
  credits      = {Место защиты: Воронеж. гос. архитектур.-строит. ун-т},
  year         = 2016,
  number       = {05.23.17},
  language     = {russian},
  langid       = {russian},
  location     = {Воронеж},
  pagetotal    = {159 с. : ил.}
}

@reference{ep,
  language   = {english},
  publisher  = {Routledge},
  location   = {London, New York},
  isbn       = 0415152941,
  pagetotal  = 466,
  editor     = {Taylor, Victor E. and Winquist, Charles E.},
  langid     = {english},
  keywords   = {Postmodernism},
  shorttitle = {Encyclopedia~\textellipsis\isdot},
  title      = {Encyclopedia of Postmodernism},
  year       = 2001
}

@proceedings{fsrf40,
  editor     = {J. N. Crossley and M. A. E. Dummett},
  title      = {Formal Systems and Recursive Functions},
  year       = 1965,
  eventtitle = {Eighth Logic Colloquium},
  eventdate  = {1963-07},
  venue      = {Oxford},
  language   = {english},
  publisher  = {North Holland Publishing Co.},
  location   = {Amsterdam},
  _title     = {Formal Systems and Recursive Functions (Proceedings of the Eighth Logic
                Colloquium at Oxford, July, 1963)},
  langid     = {english}
}